<?xml version="1.0" encoding="UTF-8"?><collection xmlns="http://www.loc.gov/MARC21/slim"><record><leader>00297nam--2200121-i-4500</leader><controlfield tag="001">000034738</controlfield><controlfield tag="002">20161230</controlfield><controlfield tag="005">20161230201040</controlfield><controlfield tag="008">060222s1000------------r-----000-0-eng-d</controlfield><datafield ind1=" " ind2=" " tag="080"><subfield code="a">061.62:001.891</subfield></datafield><datafield ind1=" " ind2=" " tag="245"><subfield code="a">Nea activities in 1983</subfield></datafield><datafield ind1=" " ind2=" " tag="260"><subfield code="a">Paris, Nuclear Energy Agency, 1984. 43p</subfield></datafield><datafield ind1=" " ind2=" " tag="852"><subfield code="a">72100</subfield></datafield></record></collection>